@book{gameProgrammingPatterns,
	author = {Robert Nystrom},
	title = {Game Programming Patterns},
	year = {2014},
	isbn = {978-0-9905829-2-2},
	url={gameprogrammingpatterns.com},
	urldate = {2021-05-06}
}

@misc{unityDocs,
	url={https://docs.unity3d.com/2020.2/Documentation/Manual/index.html},
	title={Unity 2020.2 Documentation},
	urldate = {2021-05-06},
}

@misc{solid,
	url={https://www.digitalocean.com/community/conceptual_articles/s-o-l-i-d-the-first-five-principles-of-object-oriented-design},
	title={S.O.L.I.D Principles},
	urldate = {2021-05-06},
}

@misc{characterController,
	url={https://medium.com/ironequal/unity-character-controller-vs-rigidbody-a1e243591483},
	title={Character Controller},
	urldate = {2021-05-06},
}

@misc{parallax,
	url={https://answers.unity.com/questions/551808/parallax-scrolling-using-orthographic-camera.html},
	title={Parallax Script},
	urldate = {2021-05-06},
}

@misc{shader,
	url={https://www.youtube.com/watch?v=SQjeNhTp_Xg},
	title={Palette Swapping with Shaders},
	urldate = {2021-05-06},
}

@misc{jason,
	url={https://www.youtube.com/channel/UCX_b3NNQN5bzExm-22-NVVg},
	title={Jason Weimann},
	urldate = {2021-05-06},
}

@misc{brackeys,
	url={https://www.youtube.com/channel/UCYbK_tjZ2OrIZFBvU6CCMiA},
	title={Brackeys},
	urldate = {2021-05-06},
}

@misc{codeMonkey,
	url={https://www.youtube.com/channel/UCFK6NCbuCIVzA6Yj1G_ZqCg},
	title={Code Monkey},
	urldate = {2021-05-06},
}

@misc{dapperDino,
	url={https://www.youtube.com/channel/UCjCpZyil4D8TBb5nVTMMaUw},
	title={Dapper Dino},
	urldate = {2021-05-06},
}

@misc{thomasBrush,
	url={https://www.youtube.com/channel/UCuHVjteDW9tCb8QqMrtGvwQ},
	title={Thomas Brush},
	urldate = {2021-05-06},
}

@misc{samuraiMusic,
	url={https://airyluvs.com/},
	title={SOUND AIRYLUVS},
	author = {ISAo},
	urldate = {2021-05-06},
}

@misc{samuraiMusic2,
	url={https://opengameart.org/content/samurai},
	title={Samurai},
	author = {TAD},
	urldate = {2021-05-06},
}

@misc{bambooForest,
	url={https://soundcloud.com/marcelofernandezmusic},
	title={Bamboo Forest},
	author = {Marcelo Fernandez},
	urldate = {2021-05-06},
}

@misc{rootOfTheWorld,
	url={https://opengameart.org/content/roof-of-the-world},
	title={Roof of the world},
	author = {Johan Brodd},
	urldate = {2021-05-06},
}

@misc{screams,
	url={https://opengameart.org/content/15-vocal-male-strainhurtpainjump-sounds},
	title={Screams},
	author = {Iwan 'qubodup' Gabovitch},
	urldate = {2021-05-06},
}

@misc{fireSpells,
	url={https://opengameart.org/content/fire-evil-spell},
	title={Fire \& Evil Spell},
	author = {Artisticdude},
	urldate = {2021-05-06},
}

@misc{iceSpells,
	url={http://opengameart.org/users/qubodup},
	title={Ice and Electricity Magic},
	author = {Iwan 'qubodup' Gabovitch},
	urldate = {2021-05-06},
}

@misc{footsteps,
	url={https://opengameart.org/content/footsteps-leather-cloth-armor},
	title={Footsteps Leather, Cloth, Armor},
	author = {HaelDB},
	urldate = {2021-05-06},
}

@misc{sword,
	url={https://opengameart.org/users/starninjas},
	title={20 Sword Sound Effects},
	author = {StarNinjas},
	urldate = {2021-05-06},
}

@misc{icons,
	url={https://opengameart.org/content/rpg-ui-icons},
	title={RPG UI Icons},
	author = {OwlishMedia},
	urldate = {2021-05-06},
}

@misc{samuraiAsset,
	url={https://hugoss-visual-design.itch.io/samurai-asset},
	title={Samurai Assets},
	author = {Hugos's visual designa},
	urldate = {2021-05-06},
}

@misc{potions,
	url={https://flippurgatory.itch.io/animated-potion-assets-pack-free},
	title={Animated Potion Assets Pack},
	author = {Flip},
	urldate = {2021-05-06},
}

@misc{effects,
	url={https://ppeldo.itch.io/2d-pixel-art-game-spellmagic-fx},
	title={Pixel Art FX},
	author = {Ppeldo},
	urldate = {2021-05-06},
}

@misc{dash,
	url={https://kvsr.itch.io/pixel-art-effect-fx033},
	title={Pixel Art Effect - FX033},
	author = {NYKNCK},
	urldate = {2021-05-06},
}